@inproceedings{bu2023automatic,
  title={Automatic Knowledge Graph Construction over Efficient Information Extraction Networks},
  author={Bu, Fanyang and Wang, Yujue and Li, Yinqiao and Zhang, Menghe and Sui, Yuan},
  booktitle={2023 International Conference on Intelligent Education and Intelligent Research (IEIR)},
  pages={1--7},
  year={2023},
  organization={IEEE}
}